%Dataset
@misc{misc_cirrhosis_patient_survival_prediction_878,
  author       = {E. Dickson; P. Grambsch; T. Fleming; L. Fisher; A. Langworthy},
  title        = {{Cirrhosis Patient Survival Prediction}},
  year         = {2023},
  howpublished = {UCI Machine Learning Repository},
  note         = {{DOI}: https://doi.org/10.24432/C5R02G}
}

%Nivells de colesterol
@misc{fundacioncorazon2023colesterol,
  title = {Colesterol y riesgo cardiovascular},
  author = {{Fundación Española del Corazón}},
  howpublished = {\url{https://fundaciondelcorazon.com/prevencion/riesgo-cardiovascular/colesterol.html}},
  note = {Accés: 27/12/2023},
  year = {2023}
}